<record><leader>00000cas a22000007a 4500</leader><controlfield tag="001">9353710</controlfield><controlfield tag="008">830328d18541855maucr ne      0    0eng d</controlfield><datafield ind1=" " ind2=" " tag="010"><subfield code="a">sn 83020446 </subfield></datafield><datafield ind1=" " ind2=" " tag="040"><subfield code="a">NPX</subfield><subfield code="b">eng</subfield><subfield code="c">NPX</subfield><subfield code="d">DLC</subfield><subfield code="d">OCLCG</subfield><subfield code="d">OCLCQ</subfield></datafield><datafield ind1=" " ind2=" " tag="042"><subfield code="a">msc</subfield></datafield><datafield ind1=" " ind2=" " tag="043"><subfield code="a">n-us-ma</subfield></datafield><datafield ind1="0" ind2="0" tag="050"><subfield code="a">Newspaper 8160-X</subfield></datafield><datafield ind1="0" ind2="4" tag="245"><subfield code="a">The American sentinel and Essex north record.</subfield></datafield><datafield ind1=" " ind2=" " tag="260"><subfield code="a">Newburyport, Mass. :</subfield><subfield code="b">[Benjamin Perley Poore]</subfield></datafield><datafield ind1=" " ind2=" " tag="300"><subfield code="a">v. :</subfield><subfield code="b">ill. ;</subfield><subfield code="c">45 cm.</subfield></datafield><datafield ind1=" " ind2=" " tag="310"><subfield code="a">Semiweekly</subfield></datafield><datafield ind1="1" ind2=" " tag="362"><subfield code="a">Began with July 20, 1854 issue; ceased in Jan. 1855.</subfield><subfield code="z">Cf. Currier, J.J. Hist. of Newburyport.</subfield></datafield><datafield ind1=" " ind2=" " tag="500"><subfield code="a">Name of publisher/editor recorded in R.L. Jackson's Hist. of Newburyport newspapers.</subfield></datafield><datafield ind1=" " ind2=" " tag="588"><subfield code="a">Description based on: Aug. 17, 1854.</subfield></datafield><datafield ind1="1" ind2=" " tag="700"><subfield code="a">Poore, Benjamin Perley,</subfield><subfield code="d">1820-1887.</subfield></datafield><datafield ind1=" " ind2=" " tag="752"><subfield code="a">United States</subfield><subfield code="b">Massachusetts</subfield><subfield code="c">Essex</subfield><subfield code="d">Newburyport.</subfield></datafield><datafield ind1="1" ind2=" " tag="029"><subfield code="a">AU@</subfield><subfield code="b">000025792378</subfield></datafield></record>